2759 4625
707 348 736 399 11

190 493 193 504 ’
221 532 281 576 nus
302 512 452 598 probatas
474 509 619 598 equidem
637 512 824 599 plerumque
838 509 1035 577 reducendae
1051 525 1121 579 esse
1136 513 1219 580 duxi.

221 617 340 682 Facere
364 619 447 682 enim
469 638 536 681 non
558 619 659 700 potui,
681 618 757 701 quin
780 638 798 679 a
819 620 960 682 virorum
981 617 1219 685 decretoribus

221 720 334 785 Atticis
362 723 482 805 optime
508 723 693 785 meritorum
715 720 896 786 recederem
919 727 1090 803 sententia,
1118 728 1161 788 ita
1183 735 1220 789 ut

164 833 166 842 ¹
219 826 305 891 huuc
327 825 483 903 codicem,
506 823 611 910 quem,
634 827 771 912 imperiti
793 825 916 891 scribae
937 850 1032 892 manu
1053 840 1220 907 exaratum,

221 953 258 996 ex
281 932 416 1016 antiquis
440 927 667 1017 exemplaribus
690 929 866 994 derivatum
885 952 955 996 esse
971 930 1147 1010 censebam,
1170 954 1219 997 ce-

219 1037 295 1098 teris
323 1034 512 1098 anteferrem
535 1033 691 1098 omnibus.
737 1033 998 1120 Quemquamne
1020 1035 1072 1099 hic
1094 1035 1219 1121 quidem

218 1139 322 1204 hiatus
352 1136 459 1225 explet
487 1155 611 1217 omnes,
641 1159 723 1225 ques
751 1139 785 1202 in
806 1138 995 1206 Dinarcheis
1018 1139 1218 1205 orationibus

218 1241 494 1329 deprehendimus.

233 1419 236 1426 ,
305 1348 343 1412 ln
377 1346 609 1411 commentariis
642 1349 687 1410 ita
718 1348 900 1432 interpretis
932 1368 1062 1412 munere
1090 1349 1218 1414 functus

217 1443 300 1532 sum,
328 1462 366 1517 ut
396 1473 446 1532 ea,
476 1473 558 1537 quae
587 1448 626 1515 ah
654 1449 725 1515 aliis
754 1450 795 1516 ad
821 1453 1021 1538 propositum
1043 1473 1147 1518 meum
1170 1475 1220 1518 ae

217 1555 417 1621 commodate
443 1564 550 1620 essent
573 1551 766 1639 conscripta,
796 1553 968 1643 diligenter
991 1559 1219 1643 conquirerem,

215 1680 316 1747 porro
340 1681 387 1738 ea,
411 1680 493 1743 quae
517 1656 556 1720 ah
578 1657 804 1743 interpretibus
826 1659 981 1725 Dinarchi
1003 1660 1149 1748 neglecta
1172 1683 1219 1730 es-

177 1843 180 1858 ·
215 1772 295 1843 sent,
318 1759 477 1827 studerem
494 1757 671 1848 explanare,
695 1782 733 1825 ea
748 1760 895 1847 denique,
910 1785 991 1866 quae
1006 1787 1117 1849 parum
1133 1775 1219 1830 recte

159 1928 161 1936 .
215 1864 256 1931 ah
287 1866 356 1952 aliis
384 1865 570 1934 viderentur
597 1869 765 1956 proposita
790 1887 874 1946 csse,
904 1889 1040 1932 conarer
1061 1866 1218 1932 refellere

215 1970 316 2056 Quod
338 1974 397 2036 etsi
419 1992 487 2035 non
510 1968 608 2034 semel
630 1970 746 2038 factum
770 1980 831 2051 est,
858 1993 926 2036 non
948 1993 1079 2050 vereor,
1101 1993 1142 2036 ne
1166 1955 1220 2035 de-

212 2074 373 2142 trectandi
395 2074 502 2140 studio
526 2095 594 2137 rem
616 2076 781 2163 assignent
803 2078 896 2161 aequi
913 2076 1026 2141 horum
1042 2073 1219 2139 studiorum
1332 2165 1334 2168 .

215 2181 442 2245 aestimatores
491 2179 608 2264 Neque
638 2181 721 2243 enim
750 2181 778 2243 is
796 2185 869 2267 'ego
899 2201 983 2258 sum,
1015 2181 1069 2265 qui
1098 2181 1220 2268 ingenii

213 2279 401 2351 venditandi
428 2281 535 2349 studio
566 2281 722 2373 adductus
752 2281 911 2372 obloquar
937 2286 1094 2372 cuiquamt
1125 2294 1219 2371 atque

213 2397 335 2457 tantum
358 2390 464 2470 abest,
492 2397 530 2454 ut
552 2387 593 2453 de
616 2410 740 2468 eorum,
764 2392 818 2476 qui
840 2399 915 2477 post
931 2388 1120 2454 'Behkerum
1143 2410 1220 2475 ope·
1294 2376 1299 2381 ’

212 2515 280 2558 ram
302 2503 459 2558 navarunt
479 2492 634 2557 Dinarchi
656 2492 863 2571 orationibus,
887 2486 1032 2559 studeam
1044 2492 1220 2578 detrahere

202 2600 340 2679 meritis,
361 2607 397 2663 ut
417 2598 622 2662 vehementer
640 2596 804 2686 gaudeam,
827 2597 915 2685 quod
929 2597 1103 2681 Schmidtii,
1118 2598 1220 2662 Wur-

212 2706 288 2781 mii,
309 2703 443 2781 Baiteri,
472 2700 618 2788 Sauppii,
646 2700 783 2767 aliorum
813 2706 991 2790 conjunctis
1019 2696 1130 2767 ‘studiis
1155 2702 1218 2794 jam

157 2852 181 2888 =,
212 2802 317 2872 aditus
340 2800 517 2892 patefactus
540 2807 582 2869 sit
603 2804 645 2870 ad
661 2806 847 2872 interiorem
865 2831 971 2873 rerum
993 2816 1088 2892 atque
1103 2804 1218 2869 verho-

174 2976 176 2981 .
212 2933 280 2977 rum
309 2911 527 2999 coguitionem
557 2916 589 2971 et
616 2911 921 2996 interpretationem.
966 2908 1102 2975 Errores
1131 2929 1218 2985 vero,

212 3015 246 3079 in
274 3036 356 3102 quos
381 3012 532 3081 incidisse
554 3013 642 3077 visus
663 3012 771 3093 fuero,
800 3036 904 3101 aequo
928 3016 1034 3079 animo
1056 3012 1152 3076 velim
1175 3013 1218 3077 fe-

212 3128 285 3187 rant
306 3118 400 3206 aequi
420 3115 552 3206 judices.

194 3237 441 3389 Scribebam
455 3237 603 3307 Berolini
619 3237 692 3306 Kal
707 3200 882 3306 Novemhr.
898 3235 1142 3305 MDCCCXLI

512 3452 521 3481 Ι

746 3567 828 3665 Ed
858 3568 1134 3659 Maetzner„
