2759 4625
13 649 20 668 r

22 689 35 720 ἱ

645 282 696 354 oo
719 305 724 318 ,

73 537 77 544 ,
170 442 230 546 ipse
252 464 304 524 init
324 474 417 520 orator
438 464 561 538 quamvis
582 461 697 538 frigidus
719 441 935 532 (Westermanu.
954 461 1077 537 Quaeatt.
1093 437 1172 517 Dein,
1264 421 1266 426 ,

170 559 215 616 111.
234 580 262 637 p.
275 561 337 614 12³.
364 556 398 614 Η.
410 556 507 634 Eloqu.
521 555 545 612 1:
561 557 584 626 §.
597 557 667 625 543:
685 554 827 612 Himeraea
846 576 904 612 eam
920 555 1109 632 suppeditasse
1125 555 1174 611 Di·

170 652 300 709 narchum
316 654 364 708 vix
382 650 550 719 crediderim,
569 670 651 740 quum
669 660 762 705 contra
780 649 851 706 hunc
869 652 963 727 ipsum?
975 650 1175 728 orationemvi

173 746 270 802 dentur·
282 746 494 822 ⁴conseripsisse:
518 736 588 800 coni
606 742 763 821 Harpocrat.
781 763 807 799 v.
823 742 963 816 Ἀμμωνις.
981 742 1097 817 Dionys.
1115 741 1175 798 Hal.
1196 792 1203 804 ,

160 841 230 918 ¹lit:
253 858 340 915 noque
358 837 507 896 Stratocles
529 823 588 893 huc'
601 839 734 914 pertinet,
758 837 805 912 qni
822 844 884 891 ante
901 837 1123 893 nostrum'verba
1139 835 1176 891 ic·

174 932 223 987 cit:
247 951 298 987 nee
320 931 437 1008 denique
453 930 572 1007 Pytheas
590 929 750 1005 demagogus
769 929 940 1006 suppeditata
957 928 1065 986 aliunde
1082 921 1177 1005 egebat

174 1027 305 1093 oratione,
323 1045 413 1101 neque
423 1024 576 1103 Hyperides
594 1033 698 1079 oratore
717 1024 808 1098 itaque
825 1032 871 1077 aut
887 1022 1006 1079 Patrocli
1022 1029 1070 1080 aut
1085 1039 1177 1079 eorum

173 1118 266 1187 alicui,
291 1139 405 1195 quorum
421 1133 473 1174 uos
491 1120 598 1174 numina
614 1117 713 1185 latent,
736 1118 836 1193 scripta
854 1126 909 1172 est:
946 1118 1114 1193 Quamquam
1129 1118 1178 1172 mi·

173 1214 227 1268 rari
244 1214 346 1290 possis,
370 1211 437 1289 quid
455 1215 500 1281 sit,
524 1211 598 1288 qnod
614 1209 734 1288 populus
751 1212 780 1264 in
791 1198 920 1266 creandis
937 1210 1054 1287 puhlicis
1072 1229 1178 1267 mensa·
1198 1234 1203 1239 ’

141 1381 145 1387 d
174 1304 358 1394 toribus-nun
381 1308 524 1361 oratoriam
541 1308 714 1384 potissimum
730 1305 784 1361 vim
800 1305 960 1387 respexerit,
998 1303 1055 1360 Sed
1071 1311 1179 1381 poterat
1233 1349 1235 1352 .
1261 1352 1263 1356 ,

163 1401 204 1455 in
227 1398 364 1472 ejnmuodi·
379 1398 429 1456 lite
450 1399 496 1456 vel
517 1402 589 1456 vitae
611 1391 751 1475 integritas
773 1407 854 1474 atque
875 1400 978 1454 animus
996 1400 1178 1475 incorruptus,

175 1491 224 1549 vel·
237 1513 370 1570 personae
388 1494 533 1550 auctoritas
552 1502 633 1569 atque
648 1493 770 1570 potentia
788 1492 896 1565 majoris
911 1512 972 1548 esse
983 1493 1111 1548 momenti
1122 1511 1180 1548 ora

176 1589 248 1642 toria
270 1596 339 1642 arte:
364 1588 503 1662 usquein
526 1585 657 1659 ejusmodi
677 1584 813 1660 ἀποφάσει
829 1584 1050 1664 Areopagitarum
1072 1591 1106 1644 en
1123 1606 1180 1642 ora·
1233 1571 1239 1581 ⁸

165 1678 405 1736 'torum'sollertia
422 1679 549 1736 videntur
565 1679 730 1764 pependisse
747 1678 866 1752 judicum
883 1680 1017 1756 suffragia.
1092 1739 1098 1744 ⁸

245 1772 342 1838 Oratio
362 1784 458 1830 nostra
476 1769 660 1849 domnoiorio
678 1783 733 1829 est:
756 1771 933 1851 primocnim
949 1773 1011 1830 loco
1030 1772 1179 1830 Stratocles

176 1866 259 1937 verba
279 1849 351 1924 iecit.
378 1849 467 1924 (loni
487 1868 510 1938 §.
531 1870 555 1922 1.
572 1870 617 1922 20.
634 1869 679 1922 21.
715 1865 773 1922 Nec
789 1877 878 1923 tamen
892 1878 1001 1945 *praeter
1019 1866 1180 1924 Stratoclem

177 1961 319 2037 qnisquam
342 1967 405 2017 ante
427 1968 545 2016 actorem
566 1958 815 2016 nortmuunidetnr
826 1980 987 2037 perorasse,
1010 1982 1092 2037 quum
1108 1961 1181 2018 hauc

177 2056 261 2111 unum
282 2055 403 2112 nominet
419 2052 585 2113 Dinarchum
609 2052 644 2108 ci.
661 2052 741 2110 etiarn
763 2054 786 2128 §.
800 2057 860 2110 113.
901 2054 978 2111 Justa
1001 2066 1089 2111 autem
1106 2061 1182 2111 accu'·

177 2150 256 2216 satio,
274 2145 379 2223 singula
397 2165 519 2223 quaeque
536 2147 646 2202 crimina
665 2145 701 2202 ad
717 2148 925 2224 ipsamcausam
935 2147 1105 2227 Harpalicam
1121 2168 1182 2226 spe·

177 2243 277 2298 etantia
295 2240 486 2320 complectens,
509 2239 544 2296 ad
562 2238 733 2308 Stratoclcm,
755 2240 785 2295 id
803 2240 875 2318 qnod
892 2244 954 2321 ipse
970 2243 1125 2301 Dinarchus
1142 2245 1193 2300 in?

156 2335 250 2392 =dicut
267 2337 290 2407 §.
309 2339 348 2403 l.,
370 2334 513 2393 ridebatur
529 2337 678 2412 pertinere:
706 2337 790 2390 ceteri
803 2347 991 2407 *accusatorem
1012 2359 1070 2394 non
1084 2336 1181 2394 iisdem

176 2429 283 2504 legibus
304 2428 440 2497 adstricti,
461 2427 548 2485 libere
564 2438 692 2505 poterant
709 2431 827 2504 evagari,
849 2449 937 2507 neque
955 2432 991 2491 de
1006 2434 1072 2509 ipso*
1085 2450 1182 2488 causae

178 2530 252 2578 stttu
275 2523 361 2578 coacti
383 2531 459 2577 erant
480 2521 582 2584 dicere.
624 2522 708 2596 Quod
723 2521 792 2599 fugit
810 2543 871 2591 eos,
895 2527 955 2600 qni,
979 2543 1061 2601 efntrm
1078 2527 1107 2582 in
1125 2527 1182 2582 ora·

120 2638 124 2643 ’
178 2617 254 2673 tiuuo
275 2624 369 2671 nostra
389 2636 478 2692 neque
496 2624 581 2672 artem
597 2615 680 2685 ullam
697 2636 786 2692 neque
802 2616 890 2689 justae
906 2622 1086 2676 accusationis
1102 2621 1182 2676 ratio·

178 2726 253 2777 nam,
275 2708 326 2764 sed
348 2711 530 2765 conviciorum
551 2719 634 2785 atque
650 2711 864 2789 criminationum
881 2711 958 2767 nullo
975 2732 1035 2768 cnm
1051 2712 1101 2770 lite
1115 2712 1183 2781 Har·

179 2801 266 2881 palice
283 2803 455 2861 necessitatis
472 2800 581 2858 uinculo
593 2803 744 2875 junctarum
754 2805 905 2879 congeriem
916 2805 1118 2884 deprehendere
1128 2805 1183 2862 sihi
1237 2833 1260 2867 η

177 2895 349 2963 viderentur,
372 2893 456 2951 etde
477 2892 645 2972 litis'ipsiua
667 2895 814 2973 judiciique
836 2901 941 2957 ratione
962 2898 1021 2975 ausi
1041 2909 1105 2958 sunt
1120 2920 1182 2978 pro·

177 2991 310 3057 nuntiare,
329 2999 357 3045 et
374 2986 410 3044 de
426 2988 560 3045 Dinarchi
575 2991 605 3046 vi
622 2993 739 3046 oratoria
756 2994 875 3068 iniquius
892 2980 1052 3065 iudicarunt.
1087 2993 1182 3071 Neque
1219 3005 1222 3011 ”

176 3085 249 3139 euim
273 3082 475 3159 qui-secundas
497 3085 552 3157 agit
573 3093 679 3160 partes,
704 3088 869 3150 accusatoris
886 3107 996 3143 munere
1014 3090 1183 3166 oratorisque
1255 3094 1258 3101 ’

119 3226 125 3235 ,
178 3174 273 3231 officio
289 3177 326 3230 ita
344 3184 444 3252 potest
455 3174 572 3251 defungi,
590 3186 620 3233 ut
637 3176 718 3233 nobis
736 3176 816 3234 etde
833 3198 913 3236 cansa
930 3189 958 3235 ct
976 3180 1010 3236 de
1026 3190 1085 3236 arte
1098 3184 1183 3238 causi

179 3268 235 3323 dici
251 3267 333 3323 liccat
351 3266 423 3323 ierne
437 3266 573 3340 judicium.
615 3268 733 3348 Nempe,
755 3275 855 3349 spretis
873 3273 986 3349 singulis
1004 3276 1182 3330 accusationis

178 3360 326 3437 capitibus,
354 3360 485 3418 Dinarchi
507 3364 594 3421 omnis
616 3366 703 3420 oratio
726 3376 850 3423 versatur
871 3368 900 3422 in
923 3386 979 3435 eo,
996 3377 1026 3423 nt
1048 3358 1182 3441 judicibus
1208 3423 1211 3429 ,

89 3494 91 3497 -
177 3450 348 3533 persuadeat,
366 3474 381 3508 a
397 3456 519 3513 moribus
536 3456 653 3512 hominis
671 3460 744 3514 omri
761 3460 888 3516 vitiorum
904 3464 1001 3536 genere
1013 3460 1183 3540 pollntipra·
1217 3456 1220 3467 '

177 3549 276 3623 risque
293 3547 464 3637 cupidinibus
483 3549 569 3606 dediti
583 3570 641 3606 non
653 3550 801 3608 abhorrere
817 3553 968 3629 largitionis
981 3558 1089 3624 crimen,
1109 3554 1183 3631 qnod

175 3642 378 3725 xsanctissimum
394 3642 616 3722 Areopagitarum
641 3644 783 3720 coilegium
805 3647 833 3700 in
858 3667 918 3703 eum
940 3648 1095 3704 contuleritz
1119 3669 1186 3726 poe-¹

9 3810 11 3817 Ι
67 3746 72 3753 ·
97 3738 102 3753 ’
178 3754 282 3810 uaeque
299 3733 370 3790 hunc
387 3739 557 3812 potissimam
575 3757 638 3794 esse
656 3740 814 3807 obnoxiam,
833 3743 882 3816 qui
898 3745 1068 3819 summopere
1085 3744 1123 3797 sit
1139 3763 1183 3798 an·

130 3899 135 3907 ¹
178 3830 263 3895 nisus,
281 3837 312 3884 ut
329 3826 434 3886 senatui
445 3830 636 3909 Areopagitica
653 3833 823 3889 mandaretur
841 3837 971 3911 quaestio,
991 3856 1042 3911 qua
1060 3837 1182 3891 instituta

179 3923 284 3998 ipsein
302 3933 490 4002 corruptorum
508 3945 618 3985 numero
636 3925 711 4003 plebi
729 3929 766 3983 sit
783 3927 923 3987 iudicatus.

250 4013 368 4093 Scripsit
387 4020 539 4095 orationem
562 4008 682 4076 nostram
699 4019 868 4099 Dinarchus,
892 4025 939 4098 qui
962 4032 1040 4079 natus
1065 4033 1106 4079 est
1127 4022 1183 4078 iere
