2759 4625
174 1105 222 1172 IN
236 1100 455 1170 DINARGHI
472 1099 744 1167 ORATIONEM
760 1099 808 1166 IN
821 1098 1175 1168 DEMOSTHENEM

503 1379 508 1386 ¹
540 1314 803 1386 ausoniorum
882 1325 886 1338 «

121 1455 126 1463 ·
243 1433 386 1514 Harpalus,
402 1434 530 1491 thesamo
547 1431 696 1491 Alexandri
713 1431 853 1508 Babylone
869 1443 997 1509 congesto
1014 1431 1175 1511 praefectus,
1264 1445 1268 1451 '

114 1539 122 1568 ¹
174 1551 268 1608 quum,
292 1529 448 1585 absentem
465 1526 542 1583 India
559 1547 635 1602 rege,
653 1525 770 1582 creditas
789 1525 842 1583 sibi
858 1529 987 1606 pecunias
1005 1525 1175 1606 dissipasset,

174 1634 269 1700 atque,
285 1623 380 1680 nuntio
397 1620 432 1677 de
449 1623 519 1696 regis
536 1620 626 1677 reditu
643 1619 738 1689 allato,
762 1640 823 1676 cum
840 1640 890 1678 sex
905 1619 1026 1676 millibus
1042 1641 1175 1677 mercena·

174 1720 275 1773 riorum
281 1725 324 1771 et
346 1695 463 1792 quinque
482 1714 645 1772 talentorum
661 1713 782 1772 millibus
800 1712 959 1790 aufugisset,
983 1713 1100 1770 Atticam
1116 1734 1175 1771 ver·

25 1867 31 1878 ,
173 1831 221 1867 sus
238 1809 389 1877 contendit,
413 1809 578 1885 Suniumque
595 1808 809 1886 promontorium
826 1817 1027 1885 praetervectus
1046 1816 1089 1864 est
1110 1807 1174 1877 (01

150 1889 275 1972 “cxllh
293 1907 319 1960 4.
341 1903 467 1960 Idaler.
458 1924 487 1959 ιιι
510 1902 788 1958 commentationibus
807 1900 891 1958 Acad.
909 1901 1000 1959 Berol
1018 1923 1041 1959 a.
1060 1903 1131 1958 1810
1140 1934 1178 1947 -·

171 2001 216 2054 21.
233 2018 261 2075 p.
272 1998 327 2053 280
339 2017 385 2072 sq.
402 1993 505 2071 Eysell.
517 1995 693 2052 Demosthen.
712 2017 726 2051 a
744 1997 900 2078 suspicione
916 2004 1042 2074 acceptae
1058 1996 1092 2051 ab
1109 1994 1174 2052 Har·

172 2090 236 2170 palo
253 2093 384 2172 pecuniae
399 2089 504 2147 liberat.
530 2087 678 2165 lilarburgi
682 2091 761 2147 1836
779 2111 806 2168 p
819 2093 855 2148 28
872 2089 944 2166 ιιι),
971 2088 1030 2146 iore
1052 2109 1174 2169 sperans,

171 2195 202 2256 pt
219 2206 234 2241 a
251 2184 388 2241 veteribus
406 2183 582 2241 Macedonum
598 2172 733 2270 hostibus,
753 2183 985 2271 recuperandae
968 2183 1101 2240 libertatis
1119 2193 1174 2241 stu-

171 2278 243 2336 dio'
235 2263 363 2347 incensis,
379 2280 408 2335 in
425 2277 507 2335 fidem
524 2288 658 2357 receptus,
675 2243 858 2338 Athenienses
876 2280 1005 2338 excitaret
1023 2277 1057 2335 ad
1074 2277 1174 2336 bellum

126 2426 134 2434 .
170 2384 264 2432 eontra
281 2362 441 2430 ldacedones
464 2372 694 2451 suscipiendum
712 2371 770 2428 Nec
792 2381 880 2428 tamen
898 2372 1078 2433 Athenienses
1102 2392 1174 2429 rece·

160 2468 270 2547 ¹perurat
286 2465 397 2544 Harpali
415 2465 541 2535 classem,
563 2468 696 2523 vetitiae
714 2467 743 2520 in
759 2465 909 2543 periculum
926 2450 1091 2527 adducerent
1107 2485 1175 2523 rem·

70 2590 72 2593 ·
169 2558 315 2642 publicam.
353 2559 446 2636 Itaque
466 2559 613 2639 Harpalus,
635 2561 768 2638 expositis
790 2562 820 2616 in
842 2559 965 2617 Taenaro
987 2562 1173 2639 promontorio

68 2714 71 2721 ,
169 2655 259 2731 copiis
293 2655 353 2730 ipse
371 2652 486 2731 supplex
501 2653 622 2711 Athenas
639 2674 702 2726 sese
719 2652 847 2723 contulit,
871 2653 1046 2711 clandestinis
1063 2675 1094 2711 se
1112 2656 1174 2712 arti·

169 2748 222 2804 bus
239 2745 420 2824 perfecturum
438 2757 521 2816 ratus,
538 2746 612 2823 quod
628 2746 717 2829 palam
735 2757 815 2825 atque
830 2758 924 2827 aperto
935 2767 1029 2826 parum
1040 2769 1173 2826 prospere
1266 2806 1269 2815 .
1366 2770 1369 2781 ¹

171 2850 230 2897 erat
248 2848 423 2916 exsequutus,
440 2858 545 2917 unaque
563 2861 631 2897 nave
647 2851 751 2910 vectus,
768 2863 785 2898 a
801 2841 932 2911 Philocle,
950 2843 996 2918 qui
1013 2840 1172 2917 Munychias
1203 2868 1205 2873 r

169 2944 307 3013 praeerat,
329 2937 358 2991 in
379 2945 489 3015 portum
508 2944 551 2991 est
568 2936 748 2993 intromissus
778 2935 890 2993 Dium
908 2934 1021 2992 Philocl.
1041 2938 1066 2993 1.
1084 2939 1110 2993 7.
1128 2937 1171 2993 16.
1209 2984 1212 2997 ,

168 3028 227 3084 Jam
250 3038 385 3086 oratorum
407 3039 488 3105 atque
508 3031 711 3115 imperatorum,
735 3050 849 3108 quorum
866 3032 1026 3087 auctoritate
1041 3012 1172 3109 populum

68 3132 72 3145 “
168 3121 289 3179 Atticum
306 3126 362 3199 regi
380 3120 554 3199 intelligebat,
571 3144 694 3201 magnum
709 3126 1067 3201 numerumaurocorrupit,
1085 3144 1171 3209 eoque

169 3214 293 3285 adduxit,
315 3226 346 3272 ut
362 3215 555 3294 pollicerentur
572 3236 634 3274 sese
650 3219 808 3288 effecturos,
831 3228 863 3274 ut
879 3239 895 3272 a
911 3215 1016 3295 populo
1031 3215 1150 3273 Attico
1142 3236 1170 3272 m
1187 3210 1202 3235 ⁶
1245 3270 1251 3275 .

168 3308 250 3366 fidem
267 3308 433 3389 reciperetur
445 3308 586 3388 Harpalus.
621 3310 679 3368 Nec
696 3333 762 3370 vero
780 3333 825 3371 res
843 3314 881 3368 ita
898 3310 997 3367 cecidit
1013 3319 1051 3371 ut,
1061 3309 1171 3365 arbitra·

72 3412 77 3421 ’
167 3413 213 3460 tus
231 3413 296 3461 erat
340 3404 484 3483 Antipater
503 3406 578 3488 'enirn
600 3413 629 3461 et
646 3404 802 3485 Olympias,
824 3408 954 3462 certiores
976 3403 1041 3461 facti
1057 3401 1093 3460 de
1109 3401 1184 3477 iuga.

168 3495 291 3575 Harpali,
308 3496 412 3575 legatos
429 3500 560 3577 miserunt
577 3499 711 3569 Athenas,
730 3504 777 3577 qui
794 3499 939 3578 Harpalum
956 3498 991 3555 ad
1008 3496 1170 3576 supplicium
1197 3538 1199 3545 ι

168 3601 335 3669 repeterent:
358 3611 492 3670 quumque
504 3592 685 3651 Athenienses
705 3597 735 3651 in
752 3614 785 3650 eo
804 3604 904 3663 essent,
921 3604 952 3651 ut
963 3589 1109 3671 Harpalum
1125 3586 1170 3645 de·

169 3682 265 3739 derent
281 3683 485 3756 Macedonibus,
508 3689 533 3749 is
549 3687 666 3746 vinculis
685 3688 794 3767 elapsus
813 3687 912 3765 effugit.
950 3685 1030 3745 Cont
1048 3684 1172 3741 Wester·

167 3797 253 3834 mann.
277 3777 312 3835 de
332 3776 402 3836 litib.
426 3800 503 3857 quas.
516 3782 657 3841 Dcrnosth.
680 3783 770 3839 oravit
791 3783 859 3860 ipse.
879 3803 905 3860 p.
919 3783 969 3837 131
989 3800 1030 3857 sq.
1066 3776 1168 3854 Eysell.
1217 3818 1223 3823 -

166 3870 309 3929 Demostlr.
328 3881 378 3929 ete.
397 3895 424 3952 p.
438 3876 472 3930 19
489 3892 550 3953 sqq.

235 3965 356 4044 Populos
368 3967 496 4035 Atticus,
517 3988 598 4046 quum
615 3969 746 4047 plurimos
765 3979 885 4026 oratores
903 3968 937 4024 ab
954 3967 1072 4047 Harpalo
1089 3988 1170 4047 pecu·

166 4060 210 4119 nia
228 4069 371 4140 corruptos
389 4080 451 4118 esse
468 4072 617 4132 constaret,
639 4063 828 4140 inquirendum
845 4064 965 4120 statuit
956 4082 986 4119 ιιι
1003 4083 1051 4120 eos
1069 4082 1169 4139 omues,

902 4157 970 4222 6*
